@article{laeven2013,
    author = {Laeven, Luc and Valencia, Fabi{\'a}n},
    title = {Systemic Banking Crisis Database},
    journal = {IMF Economic Review},
    volume = {61},
    number = {2},
    year = {2013},
    pages = {225--270}
}

@BOOK{Reinhart2009,
    author = {Carmen Reinhart and Kenneth Rogoff},
    title = {This Time is Different: Eight Centuries of Financial Folly},
    publisher = {Princeton University Press},
    year = {2009},
    address = {Princeton}
}

@article{Romer2014,
    author = {Romer, Christina D and Romer, David H},
    title = {{New Evidence on the Impact of Financial Crises in Advanced Countries}},
    year = {2014},
    pages = {1--65},
    month = {Nov}
}

@article{GandrudHallerberg2015,
    author = {Christopher Gandrud and Mark Hallerberg},
    title = {When All is Said and Done: Updating 'Elections, Special Interests, and Financial Crisis'},
    year = {forthcoming},
    journal = {Research and Politics}
}

@article{Chaudron2014,
    author = {Chaudron, Raymond and de Haan, Jakob},
    title = {{Dating Banking Crises Using Incidence and Size of Bank Failures: Four Crises Reconsidered}},
    journal = {Journal of Financial Stability},
    year = {2014},
    pages = {1--34}
}

@article{Jing:2015kv,
    author = {Jing, Zhongbo and de Haan, Jakob and Jacobs, Jan and Yang, Haizhen},
    title = {{Identifying banking crises using money market pressure: New evidence for a large set of countries}},
    journal = {Journal of Macroeconomics},
    year = {2015},
    volume = {43},
    number = {C},
    pages = {1--20}
}
